@misc{Pthreads,
note = {\url{https://computing.llnl.gov/tutorials/pthreads/#Abstract}}
}
@book{Tanen,
author = {Tanenbaum, Andrew S.},
keywords = {operating systems,scheduling},
edition = {4th},
publisher = {Pearson},
title = {Modern Operating Systems},
year = {2013}
}

@manual{manUnix,
title = {man pthread\_create},
note = {Linux/x86-32}
}
